@ONLINE{Kubernetes,
  AUTHOR = {Wikipedia},
  URL = {https://en.wikipedia.org/wiki/Kubernetes},
  year    = {2021},
  DATE = {2021-02-08},
  TITLE = {Kubernetes},
}

@ONLINE{CRI,
  AUTHOR = {Hong, Yu-Ju},
  URL = {https://github.com/kubernetes/kubernetes/blob/242a97307b34076d5d8f5bbeb154fa4d97c9ef1d/docs/devel/container-runtime-interface.md},
  DATE = {2021-02-07},
  TITLE = {CRI: the Container Runtime Interface},
}